<?xml version="1.0" encoding="UTF-8"?><collection xmlns="http://www.loc.gov/MARC21/slim"><record><leader>00575nam--2200205-i-4500</leader><controlfield tag="001">000032029</controlfield><controlfield tag="002">20161230</controlfield><controlfield tag="005">20161230201039</controlfield><controlfield tag="008">060222s1000------------r-----000-0-eng-d</controlfield><datafield ind1=" " ind2=" " tag="020"><subfield code="a">044485052X</subfield></datafield><datafield ind1=" " ind2=" " tag="040"><subfield code="a">IFIN-HH</subfield></datafield><datafield ind1=" " ind2=" " tag="080"><subfield code="a">539.14:539.126</subfield></datafield><datafield ind1="1" ind2=" " tag="100"><subfield code="a">Rho, Mannque</subfield></datafield><datafield ind1="1" ind2="0" tag="245"><subfield code="a">Mesons in nuclei</subfield><subfield code="c">Mannque rho, denys wilkinson (eds.)</subfield></datafield><datafield ind1=" " ind2=" " tag="260"><subfield code="a">Amsterdam</subfield><subfield code="b">North-holland Publishing Company</subfield><subfield code="c">1979</subfield></datafield><datafield ind1=" " ind2=" " tag="300"><subfield code="a">3 VOLUME</subfield></datafield><datafield ind1="1" ind2=" " tag="700"><subfield code="a">Wilkinson, Denys</subfield><subfield code="e">Ed</subfield></datafield><datafield ind1="1" ind2=" " tag="787"><subfield code="a">Volume Iii</subfield><subfield code="h">/787p./1155p.+ Anexe</subfield></datafield><datafield ind1=" " ind2=" " tag="852"><subfield code="a">47060</subfield><subfield code="c">539.14</subfield></datafield><datafield ind1=" " ind2=" " tag="CAT"><subfield code="a">Sys</subfield><subfield code="c">20120403</subfield><subfield code="h">155933</subfield></datafield></record></collection>